<record><leader>00000cas a22000007a 4500</leader><controlfield tag="001">11810337</controlfield><controlfield tag="008">850315d19672011inudn ne      0    0eng d</controlfield><datafield ind1=" " ind2=" " tag="010"><subfield code="a">sn 85047515 </subfield></datafield><datafield ind1=" " ind2=" " tag="040"><subfield code="a">NPI</subfield><subfield code="b">eng</subfield><subfield code="c">NPI</subfield><subfield code="d">NPI</subfield><subfield code="d">OCLCQ</subfield><subfield code="d">OCLCF</subfield><subfield code="d">OCLCO</subfield></datafield><datafield ind1="1" ind2=" " tag="029"><subfield code="a">AU@</subfield><subfield code="b">000027045259</subfield></datafield><datafield ind1=" " ind2=" " tag="042"><subfield code="a">msc</subfield></datafield><datafield ind1=" " ind2=" " tag="043"><subfield code="a">n-us-in</subfield></datafield><datafield ind1="0" ind2=" " tag="130"><subfield code="a">Tribune (New Albany, Ind.)</subfield></datafield><datafield ind1="1" ind2="4" tag="245"><subfield code="a">The tribune.</subfield></datafield><datafield ind1="1" ind2="3" tag="246"><subfield code="a">Sunday ledger-tribune</subfield></datafield><datafield ind1="1" ind2="3" tag="246"><subfield code="a">Ledger-tribune</subfield></datafield><datafield ind1=" " ind2=" " tag="260"><subfield code="a">New Albany, Ind. :</subfield><subfield code="b">[s.n.],</subfield><subfield code="c">1967-2011.</subfield></datafield><datafield ind1=" " ind2=" " tag="300"><subfield code="a">45 v. :</subfield><subfield code="b">ill. ;</subfield><subfield code="c">58 cm.</subfield></datafield><datafield ind1=" " ind2=" " tag="310"><subfield code="a">Daily (except Mon.),</subfield><subfield code="b">Mar. 1, 2005-Feb. 27, 2011</subfield></datafield><datafield ind1=" " ind2=" " tag="321"><subfield code="a">Daily (except Sat.),</subfield><subfield code="b">Feb. 15, 1967-Feb. 28, 2005</subfield></datafield><datafield ind1="0" ind2=" " tag="362"><subfield code="a">79th year, no. 33 (Feb. 15, 1967)-Feb. 27, 2011.</subfield></datafield><datafield ind1=" " ind2=" " tag="580"><subfield code="a">Sunday ed.: Sunday ledger-tribune; Ledger-tribune.</subfield></datafield><datafield ind1=" " ind2="0" tag="651"><subfield code="a">New Albany (Ind.)</subfield><subfield code="v">Newspapers.</subfield></datafield><datafield ind1=" " ind2="7" tag="655"><subfield code="a">Newspapers.</subfield><subfield code="2">fast</subfield><subfield code="0">(OCoLC)fst01423814</subfield></datafield><datafield ind1=" " ind2="7" tag="651"><subfield code="a">Indiana</subfield><subfield code="z">New Albany.</subfield><subfield code="2">fast</subfield><subfield code="0">(OCoLC)fst01212578</subfield></datafield><datafield ind1=" " ind2=" " tag="752"><subfield code="a">United States</subfield><subfield code="b">Indiana</subfield><subfield code="c">Floyd</subfield><subfield code="d">New Albany.</subfield></datafield><datafield ind1="0" ind2="0" tag="780"><subfield code="t">New Albany tribune</subfield><subfield code="w">(DLC)sn 85047514</subfield><subfield code="w">(OCoLC)11810281</subfield></datafield><datafield ind1="0" ind2="0" tag="785"><subfield code="t">News and tribune (New Albany, Ind.)</subfield><subfield code="w">(DLC)  2011271200</subfield><subfield code="w">(OCoLC)707822496</subfield></datafield></record>